<record xmlns="http://www.loc.gov/MARC21/slim" xmlns:xsi="http://www.w3.org/2001/XMLSchema-instance" xsi:schemaLocation="http://www.loc.gov/MARC21/slim http://www.loc.gov/standards/marcxml/schema/MARC21slim.xsd"><leader>     nam a22        4500</leader><controlfield tag="001">7523043</controlfield><controlfield tag="003">NIC</controlfield><controlfield tag="006">m        d        </controlfield><controlfield tag="007">cr cn |||m|||a</controlfield><controlfield tag="008">150323n20uu    ye      ob    000 0 ara d</controlfield><datafield ind1=" " ind2=" " tag="040"><subfield code="a">NNU</subfield><subfield code="b">eng</subfield><subfield code="c">NNU</subfield></datafield><datafield ind1=" " ind2="4" tag="050"><subfield code="a">BP194.1</subfield><subfield code="b">.H35 2000</subfield></datafield><datafield ind1="1" ind2=" " tag="100"><subfield code="6">880-01</subfield><subfield code="a">H&#803;ajwari&#772;, Yah&#803;ya&#769; ibn &#699;Ali&#772;.</subfield></datafield><datafield ind1="1" ind2="3" tag="245"><subfield code="6">880-02</subfield><subfield code="a">al-Tas&#803;ri&#772;h&#803; bi-an qita&#772;l bugha&#772;t al-ra&#772;fid&#803;ah jiha&#772;d s&#803;ah&#803;i&#772;h&#803;</subfield><subfield code="h">[electronic resource] /</subfield><subfield code="c">li-Abi &#772;&#699;Abd al-Rah&#803;ma&#772;n Yah&#803;ya&#769; ibn &#699;Ali&#772; al-H&#803;ajwari&#772;; faraghaha&#772; wa-i&#699;tana&#769; biha&#772; Abu&#772; Tura&#772;b al-Ja&#772;wi&#772;.</subfield></datafield><datafield ind1=" " ind2=" " tag="250"><subfield code="6">880-03</subfield><subfield code="a">al-T&#803;ab&#699;ah 1.</subfield></datafield><datafield ind1=" " ind2=" " tag="260"><subfield code="6">880-04</subfield><subfield code="a">Dima&#772;j, [Yemen] : Da&#772;r al-H&#803;adi&#772;th, [200-?].</subfield></datafield><datafield ind1=" " ind2=" " tag="300"><subfield code="a">online resource (66 p.)</subfield></datafield><datafield ind1=" " ind2=" " tag="500"><subfield code="a">Part of the Arabic Collections Online (ACO) project, contributed by Cornell University Libraries.</subfield></datafield><datafield ind1=" " ind2=" " tag="533"><subfield code="a">Electronic reproduction.</subfield><subfield code="b">New York, N.Y. :</subfield><subfield code="c">New York University,</subfield><subfield code="d">2015.</subfield><subfield code="5">NNU</subfield></datafield><datafield ind1=" " ind2="0" tag="650"><subfield code="a">Shi&#772;&#699;ah</subfield><subfield code="v">Controversial literature.</subfield></datafield><datafield ind1=" " ind2="7" tag="650"><subfield code="a">Shi&#772;&#699;ah.</subfield><subfield code="2">fast</subfield><subfield code="0">(OCoLC)fst01117946</subfield></datafield><datafield ind1=" " ind2=" " tag="653"><subfield code="a">Shi&#772;&#699;ah</subfield><subfield code="a">Controversial literature</subfield></datafield><datafield ind1=" " ind2="7" tag="655"><subfield code="a">Controversial literature.</subfield><subfield code="2">fast</subfield><subfield code="0">(OCoLC)fst01423907</subfield></datafield><datafield ind1="2" ind2=" " tag="710"><subfield code="a">Cornell University.</subfield><subfield code="b">Libraries.</subfield></datafield><datafield ind1="0" ind2=" " tag="730"><subfield code="a">Arabic Collections Online.</subfield></datafield><datafield ind1="0" ind2="8" tag="776"><subfield code="i">Print version:</subfield><subfield code="a">H&#803;ajwari&#772;, Yah&#803;ya&#769; ibn &#699;Ali&#772;.</subfield><subfield code="t">al-Tas&#803;ri&#772;h&#803; bi-an qita&#772;l bugha&#772;t al-ra&#772;fid&#803;ah jiha&#772;d s&#803;ah&#803;i&#772;h&#803;</subfield><subfield code="w">(NIC)7523043</subfield><subfield code="w">(DLC)  2010332699</subfield><subfield code="w">(OCoLC)762077993</subfield></datafield><datafield ind1="4" ind2="0" tag="856"><subfield code="u">http://hdl.handle.net/2333.1/cfxpnz7k</subfield></datafield><datafield ind1="1" ind2=" " tag="880"><subfield code="6">100-01/r</subfield><subfield code="a">&#1581;&#1580;&#1608;&#1585;&#1610;&#1548; &#1610;&#1581;&#1610;&#1609; &#1576;&#1606; &#1593;&#1604;&#1610;.</subfield></datafield><datafield ind1="1" ind2="2" tag="880"><subfield code="6">245-02/r</subfield><subfield code="a">&#1575;&#1604;&#1578;&#1589;&#1585;&#1610;&#1581; &#1576;&#1575;&#1606; &#1602;&#1578;&#1575;&#1604; &#1576;&#1594;&#1575;&#1578; &#1575;&#1604;&#1585;&#1575;&#1601;&#1590;&#1577; &#1580;&#1607;&#1575;&#1583; &#1589;&#1581;&#1610;&#1581; /</subfield><subfield code="c">&#1604;&#1575;&#1576;&#1610; &#1593;&#1576;&#1583; &#1575;&#1604;&#1585;&#1581;&#1605;&#1606; &#1610;&#1581;&#1610;&#1609; &#1576;&#1606; &#1593;&#1604;&#1610; &#1575;&#1604;&#1581;&#1580;&#1608;&#1585;&#1610;&#1563; &#1601;&#1585;&#1594;&#1607;&#1575; &#1608;&#1575;&#1593;&#1578;&#1606;&#1609; &#1576;&#1607;&#1575; &#1575;&#1576;&#1608; &#1578;&#1585;&#1575;&#1576; &#1575;&#1604;&#1580;&#1575;&#1608;&#1610;.</subfield></datafield><datafield ind1=" " ind2=" " tag="880"><subfield code="6">250-03/r</subfield><subfield code="a">&#1575;&#1604;&#1591;&#1576;&#1593;&#1577; 1.</subfield></datafield><datafield ind1=" " ind2=" " tag="880"><subfield code="6">260-04/r</subfield><subfield code="a">&#1583;&#1605;&#1575;&#1580;&#1548; [&#1610;&#1605;&#1606;] : &#1583;&#1575;&#1585; &#1575;&#1604;&#1581;&#1583;&#1610;&#1579;&#1548; [200&#1567;].</subfield></datafield><datafield ind1=" " ind2=" " tag="959"><subfield code="a">NNU</subfield><subfield code="b">WEB</subfield><subfield code="c">GENI</subfield><subfield code="t">0</subfield><subfield code="m">Electronic access</subfield><subfield code="s">01</subfield></datafield><datafield ind1=" " ind2=" " tag="999"><subfield code="i">NIC_7523043</subfield><subfield code="o">(OCoLC)ocn762077993</subfield><subfield code="s">cornell_aco000322</subfield><subfield code="e">(ERROR-880)</subfield><subfield code="s">cornell_aco000322</subfield></datafield></record>